@book{keller03,
  author    = "Keller, Gerhard and Gerald Warnecke",
  title     = "Entropy",
  publisher = "Princeton University Press",
  year      = {2003}
}

@article{coifman92,
    title  = {Entropy-based Algorithms},
    author = {Coifman, Ronald R.},
    journal = {Information Theory},
    volume = {38},
    number  = {2},
    pages = {713--718},
    year = {1992},
    publisher = {IEEE}
}